<record><leader>00000cas a22000007a 4500</leader><controlfield tag="001">27159708</controlfield><controlfield tag="008">921222d18uu1881nyuwr ne      0    0eng d</controlfield><datafield ind1=" " ind2=" " tag="010"><subfield code="a">sn 92061918 </subfield></datafield><datafield ind1=" " ind2=" " tag="040"><subfield code="a">NYS</subfield><subfield code="b">eng</subfield><subfield code="c">NYS</subfield><subfield code="d">OCL</subfield><subfield code="d">OCLCQ</subfield><subfield code="d">OCLCF</subfield><subfield code="d">OCLCO</subfield></datafield><datafield ind1=" " ind2=" " tag="042"><subfield code="a">msc</subfield></datafield><datafield ind1=" " ind2=" " tag="043"><subfield code="a">n-us-ny</subfield></datafield><datafield ind1="0" ind2="4" tag="245"><subfield code="a">The Mountain echo and Adirondack guide and sportsman.</subfield></datafield><datafield ind1="3" ind2="0" tag="246"><subfield code="a">Mountain echo</subfield></datafield><datafield ind1=" " ind2=" " tag="260"><subfield code="a">Au Sable Forks, Essex Co., N.Y. :</subfield><subfield code="b">D.L. Hays &amp; Son</subfield></datafield><datafield ind1=" " ind2=" " tag="300"><subfield code="a">v.</subfield></datafield><datafield ind1=" " ind2=" " tag="310"><subfield code="a">Weekly</subfield></datafield><datafield ind1="1" ind2=" " tag="362"><subfield code="a">Ceased in 1881.</subfield></datafield><datafield ind1=" " ind2=" " tag="588"><subfield code="a">Description based on: Vol. 1, no. 49 (June 25, 1880).</subfield></datafield><datafield ind1=" " ind2="0" tag="651"><subfield code="a">Au Sable Forks (N.Y.)</subfield><subfield code="v">Newspapers.</subfield></datafield><datafield ind1=" " ind2="0" tag="651"><subfield code="a">Essex County (N.Y.)</subfield><subfield code="v">Newspapers.</subfield></datafield><datafield ind1=" " ind2="7" tag="655"><subfield code="a">Newspapers.</subfield><subfield code="2">fast</subfield><subfield code="0">(OCoLC)fst01423814</subfield></datafield><datafield ind1=" " ind2="7" tag="651"><subfield code="a">New York (State)</subfield><subfield code="z">Au Sable Forks.</subfield><subfield code="2">fast</subfield><subfield code="0">(OCoLC)fst01254700</subfield></datafield><datafield ind1=" " ind2="7" tag="651"><subfield code="a">New York (State)</subfield><subfield code="z">Essex County.</subfield><subfield code="2">fast</subfield><subfield code="0">(OCoLC)fst01208119</subfield></datafield><datafield ind1=" " ind2=" " tag="752"><subfield code="a">United States</subfield><subfield code="b">New York</subfield><subfield code="c">Essex</subfield><subfield code="d">Au Sable Forks.</subfield></datafield><datafield ind1="0" ind2="0" tag="785"><subfield code="t">Mountain echo (Au Sable Forks, N.Y.)</subfield><subfield code="w">(DLC)sn 92061919</subfield><subfield code="w">(OCoLC)27159709</subfield></datafield></record>